@ARTICLE{Souza:2018dg,
   author = {de Souza, Denise Andr√©a Silva. et al.},
   title = {Evolutionary analyses of myosin genes in trypanosomatids show a history of expansion, secondary losses and neofunctionalization},
   journal = {Scientific Reports},
   volume = {8},
   year = {2018}
}

@ARTICLE{Hughes:2003,
   author = {Hughes, Austin L. Piontkivska, Helen},
   title = {Molecular phylogenetics of Trypanosomatidae: contrasting results from 18S rRNA and protein phylogenies},
   journal = {PubMed},
   volume = {2},
   year = {2003}
}

@ARTICLE{Pothirat:2014,
   author = {Pothirat T, Tantiworawit A, Chaiwarith R, Jariyapan N, Wannasan A, Siriyasatien P, et al.},
   title = {First Isolation of Leishmania from Northern Thailand: Case Report, Identification as Leishmania martiniquensis and Phylogenetic Position within the Leishmania enriettii Complex},
   journal = {PLoS Negl Trop Dis},
   volume = {12},
   year = {2014}
}

@ARTICLE{Kelly:2017,
   author = {Kelly, Steven. et al.},
   title = {An Alternative Strategy for Trypanosome Survival in the Mammalian Bloodstream Revealed through Genome and Transcriptome Analysis of the Ubiquitous Bovine Parasite Trypanosoma (Megatrypanum) theileri},
   journal = {Genome biology and evolution},
   volume = {9},
   year = {2017}
}

